%% This BibTeX bibliography file was created using BibDesk.
%% https://bibdesk.sourceforge.io/

%% Created for Sunny Salda√±a at 2025-10-07 11:38:44 -0600 


%% Saved with string encoding Unicode (UTF-8) 



@misc{eswiki:hiperespacio,
	author = {Wikipedia},
	date-added = {2025-10-07 11:10:13 -0600},
	date-modified = {2025-10-07 11:27:29 -0600},
	note = {[Internet; descargado 7-octubre-2022]},
	title = {Hiperespacio --- Wikipedia{,} La enciclopedia libre},
	url = {\url{https://es.wikipedia.org/w/index.php?title=Hiperespacio&oldid=147628905}},
	year = {2022},
	bdsk-url-1 = {https://es.wikipedia.org/w/index.php?title=Hiperespacio&oldid=147628905}}

@misc{eswiki:solidoRevolucion,
	author = {Wikipedia},
	date-added = {2025-10-06 12:32:52 -0600},
	date-modified = {2025-10-07 11:26:49 -0600},
	note = {[Internet; descargado 6-octubre-2024]},
	title = {S{\'o}lido de revoluci{\'o}n --- Wikipedia{,} La enciclopedia libre},
	url = {\url{https://es.wikipedia.org/w/index.php?title=S%C3%B3lido_de_revoluci%C3%B3n&oldid=162242774}},
	year = {2024},
	bdsk-url-1 = {https://es.wikipedia.org/w/index.php?title=S%C3%B3lido_de_revoluci%C3%B3n&oldid=162242774}}

@misc{eswiki:integracion,
	author = {Wikipedia},
	date-added = {2025-10-06 10:26:28 -0600},
	date-modified = {2025-10-07 11:27:10 -0600},
	note = {[Internet; descargado 6-octubre-2025]},
	title = {Integraci{\'o}n --- Wikipedia{,} La enciclopedia libre},
	url = {\url{https://es.wikipedia.org/w/index.php?title=Integraci%C3%B3n&oldid=167709173}},
	year = {2025},
	bdsk-url-1 = {https://es.wikipedia.org/w/index.php?title=Integraci%C3%B3n&oldid=167709173}}

@misc{eswiki:funcionMat,
	author = {Wikipedia},
	date-added = {2025-10-03 12:20:21 -0600},
	date-modified = {2025-10-07 11:28:29 -0600},
	note = {[Internet; descargado 3-octubre-2025]},
	title = {Funci{\'o}n (matem{\'a}tica) --- Wikipedia{,} La enciclopedia libre},
	url = {\url{https://es.wikipedia.org/w/index.php?title=Funci%C3%B3n_(matem%C3%A1tica)&oldid=169462046}},
	year = {2025},
	bdsk-url-1 = {https://es.wikipedia.org/w/index.php?title=Funci%C3%B3n_(matem%C3%A1tica)&oldid=169462046}}

@misc{eswiki:planoCartesiano,
	author = {Wikipedia},
	date-added = {2025-10-03 12:01:05 -0600},
	date-modified = {2025-10-07 11:29:14 -0600},
	note = {[Internet; descargado 3-octubre-2025]},
	title = {Coordenadas cartesianas --- Wikipedia{,} La enciclopedia libre},
	url = {\url{https://es.wikipedia.org/w/index.php?title=Coordenadas_cartesianas&oldid=169190900}},
	year = {2025},
	bdsk-url-1 = {https://es.wikipedia.org/w/index.php?title=Coordenadas_cartesianas&oldid=169190900}}

@misc{eswiki:recta,
	author = {Wikipedia},
	date-added = {2025-10-03 11:20:24 -0600},
	date-modified = {2025-10-07 11:29:01 -0600},
	note = {[Internet; descargado 3-octubre-2025]},
	title = {Recta --- Wikipedia{,} La enciclopedia libre},
	url = {\url{https://es.wikipedia.org/w/index.php?title=Recta&oldid=169215722}},
	year = {2025},
	bdsk-url-1 = {https://es.wikipedia.org/w/index.php?title=Recta&oldid=169215722}}

@misc{eswiki:punto,
	author = {Wikipedia},
	date-added = {2025-10-01 09:27:41 -0600},
	date-modified = {2025-10-07 11:28:47 -0600},
	note = {[Internet; descargado 3-octubre-2025]},
	title = {Punto (geometr{\'\i}a) --- Wikipedia{,} La enciclopedia libre},
	url = {\url{https://es.wikipedia.org/w/index.php?title=Punto_(geometr%C3%ADa)&oldid=169022364}},
	year = {2025},
	bdsk-url-1 = {https://es.wikipedia.org/w/index.php?title=Punto_(geometr%C3%ADa)&oldid=169022364}}

@book{book:Geometry4Teach,
	author = {Ohmer, Merlin Maurice},
	date-added = {2025-10-01 09:07:18 -0600},
	date-modified = {2025-10-01 09:08:38 -0600},
	publisher = {Reading, Mass., Addison-Wesley},
	title = {Elementary geometry for teachers},
	year = {1969}}

@book{liu2016trescuerpos,
	annote = {Cap 33},
	author = {Liu, C. and Finestres, J.A.},
	date-added = {2025-09-27 19:32:35 -0600},
	date-modified = {2025-10-01 09:18:57 -0600},
	isbn = {9788490695289},
	publisher = {NOVA},
	series = {Trilog{\'\i}a de los Tres Cuerpos},
	title = {El problema de los tres cuerpos (Trilog{\'\i}a de los Tres Cuerpos 1)},
	url = {https://books.google.com.mx/books?id=ib_UDAAAQBAJ},
	year = {2016},
	bdsk-url-1 = {https://books.google.com.mx/books?id=ib_UDAAAQBAJ}}
